<?xml version="1.0" encoding="UTF-8"?><collection xmlns="http://www.loc.gov/MARC21/slim"><record><leader>00669nam--2200217-i-4500</leader><controlfield tag="001">000032512</controlfield><controlfield tag="002">20161230</controlfield><controlfield tag="005">20161230201039</controlfield><controlfield tag="008">060222s1000------------r-----000-0-rum-d</controlfield><datafield ind1=" " ind2=" " tag="040"><subfield code="a">IFIN-HH</subfield></datafield><datafield ind1=" " ind2=" " tag="041"><subfield code="a">rum</subfield></datafield><datafield ind1=" " ind2=" " tag="080"><subfield code="a">535.61-51</subfield></datafield><datafield ind1="1" ind2=" " tag="100"><subfield code="a">Margolin, I.A</subfield></datafield><datafield ind1="1" ind2="0" tag="245"><subfield code="a">Bazele tehnicii razelor infrarosii</subfield><subfield code="c">I.A. MARGOLIN, N.P. RUMIANTEV Traducere din limba rusa</subfield></datafield><datafield ind1=" " ind2=" " tag="260"><subfield code="a">Bucuresti</subfield><subfield code="b">Editura Tehnica</subfield><subfield code="c">1957</subfield></datafield><datafield ind1=" " ind2=" " tag="300"><subfield code="a">302P. + ERATA</subfield></datafield><datafield ind1=" " ind2=" " tag="490"><subfield code="a">Biblioteca Tehnico-stiintifica, Seria B. Fizica</subfield></datafield><datafield ind1=" " ind2=" " tag="500"><subfield code="a">Titlul original in limba rusa: Osnovi infrakrasnoi tehniki</subfield></datafield><datafield ind1="1" ind2=" " tag="700"><subfield code="a">Rumiantev, N.P</subfield></datafield><datafield ind1=" " ind2=" " tag="852"><subfield code="a">5891</subfield><subfield code="c">535</subfield></datafield><datafield ind1=" " ind2=" " tag="CAT"><subfield code="a">Sys</subfield><subfield code="c">20101015</subfield><subfield code="h">130627</subfield></datafield></record></collection>